<record><leader>00000cas a22000007a 4500</leader><controlfield tag="001">15794569</controlfield><controlfield tag="008">870601d18961928iauwr ne      0    0eng d</controlfield><datafield ind1=" " ind2=" " tag="010"><subfield code="a">sn 87057175 </subfield></datafield><datafield ind1=" " ind2=" " tag="040"><subfield code="a">INP</subfield><subfield code="b">eng</subfield><subfield code="c">INP</subfield><subfield code="d">OCLCQ</subfield></datafield><datafield ind1=" " ind2=" " tag="042"><subfield code="a">msc</subfield></datafield><datafield ind1="0" ind2=" " tag="130"><subfield code="a">Valley express (Valley Junction, Iowa)</subfield></datafield><datafield ind1="1" ind2="4" tag="245"><subfield code="a">The Valley express.</subfield></datafield><datafield ind1=" " ind2=" " tag="260"><subfield code="a">Valley Junction, Iowa :</subfield><subfield code="b">Robinson &amp; English,</subfield><subfield code="c">1896-</subfield></datafield><datafield ind1=" " ind2=" " tag="300"><subfield code="a">v.</subfield></datafield><datafield ind1=" " ind2=" " tag="310"><subfield code="a">Weekly</subfield></datafield><datafield ind1="0" ind2=" " tag="362"><subfield code="a">3rd year, no. 127 (Feb. 14, 1896)-</subfield></datafield><datafield ind1="1" ind2=" " tag="362"><subfield code="a">Ceased in 1928?</subfield></datafield><datafield ind1=" " ind2=" " tag="500"><subfield code="a">Publisher varies.</subfield></datafield><datafield ind1=" " ind2=" " tag="515"><subfield code="a">Issues for Feb. 14, 1896-&lt;Sept. 11, 1897&gt; called 3rd year, no. 127-&lt;4th year, no. 157&gt;.</subfield></datafield><datafield ind1=" " ind2=" " tag="515"><subfield code="a">Issue for Jan. 6, 1916 misdated Jan. 6, 1915.</subfield></datafield><datafield ind1=" " ind2=" " tag="752"><subfield code="a">United States</subfield><subfield code="b">Iowa</subfield><subfield code="c">Polk</subfield><subfield code="d">Valley Junction.</subfield></datafield><datafield ind1="0" ind2="0" tag="780"><subfield code="t">Valley Junction express</subfield><subfield code="w">(DLC)sn 87057174</subfield></datafield><datafield ind1="0" ind2="7" tag="785"><subfield code="t">Booster (Valley Junction, Iowa)</subfield></datafield><datafield ind1="0" ind2="7" tag="785"><subfield code="t">Valley Junction booster-express</subfield></datafield></record>